%Artigo de periodico
@article{article2016,
address={Local},
author={Autor Artigodeperiodico},
journal={Revista ou periódico},
number={Numero},
pages={Pagina inicial-Pagina final},  
title={Titulo},
volume={Volume},
year={Ano}
}
@article{zn,
  title={Optimum settings for automatic controllers},
  author={Ziegler, John G and Nichols, Nathaniel B and others},
  journal={trans. ASME},
  volume={64},
  number={11},
  year={1942}
}
@monography{lovoestudo,
address={Londrina, Brasil},
author={Lovo, Vitor Augusto Sborgi},
school={Centro de Tecnologia e Urbanismo
Departamento de Engenharia Elétrica},
title={Estudo de Desempenho de Metodologias de Controle Aplicadas {\`a} Planta da Perna de um Paciente Parapl{\'e}gico},
type={Gradua\c c\~ao em Engenharia Elétrica},
year={2014}
}



@article{ferrarin,
  title={The relationship between electrical stimulus and joint torque: A dynamic model},
  author={Ferrarin, Maurizio and Pedotti, Antonio},
  journal={IEEE transactions on rehabilitation engineering},
  volume={8},
  number={3},
  pages={342--352},
  year={2000},
  publisher={IEEE}
}

@book{ogata,
  title={Modern control engineering},
  author={Ogata, Katsuhiko and Yang, Yanjuan},
  volume={4},
  year={2002},
  publisher={London}
}

@article{rivera,
  title={Internal model control: PID controller design},
  author={Rivera, Daniel E and Morari, Manfred and Skogestad, Sigurd},
  journal={Industrial \& engineering chemistry process design and development},
  volume={25},
  number={1},
  pages={252--265},
  year={1986},
  publisher={ACS Publications}
}

@article{tyreus,
  title={Tuning PI controllers for integrator/dead time processes},
  author={Tyreus, Bjorn D and Luyben, William L},
  journal={Industrial \& Engineering Chemistry Research},
  volume={31},
  number={11},
  pages={2625--2628},
  year={1992},
  publisher={ACS Publications}
}

@article{releas,
  title={Automatic tuning of simple regulators with specifications on phase and amplitude margins},
  author={{\AA}str{\"o}m, Karl Johan and H{\"a}gglund, Tore},
  journal={Automatica},
  volume={20},
  number={5},
  pages={645--651},
  year={1984},
  publisher={Elsevier}
}


%Artigo de evento
@inproceedings{inproceedings2016,
address={Local da publicacao},
author={Autor Artigodeevento},
booktitle={Anais...},
conference-location={Local do evento},
conference-number={Numero do evento},
conference-year={Ano do evento},
title={Titulo do artigo},
organization={Nome do evento},
pages={Pagina inicial-Pagina final}, 
publisher={Entidade organizadora}, 
year={ano}
}


%Livro
@book{book2016,
address={Local},
author={Autor Livro},
edition={Numero da edição},
pages={Total de paginas},  
publisher={Editora},
title={Titulo},
year={ano}
}	


%Cap.de livro. (usado qdo autor do capitulo for o autor do livro)
@inbook{inbook2016,
address={Local},
author={Autor Capitulosemorganizador},
booktitle={Titulo do livro},
chapter={Numero do Capitulo},
edition={NUmero da edicao},
pages={Pagina inicial-Pagina final},  
publisher={Editora},
title={Titulo do capitulo},
year={Ano}
}


%Cap.de livro. (usado qdo autor do capitulo nao for o autor do livro) OBS: Nao muda o valor da linha editortype
@incollection{incollection2016,
address={Local},
author={Autor Capitulocomorganizador},
booktitle={Titulo do livro},
chapter={Num. do capitulo},
editor={Nome do Editor},
editortype={Org.},
edition={Numero da edicao},
pages={Pagina inicial-Pagina final},  
publisher={Editora},
title={Titulo},
year={Ano}
}


%Monografia - Graduacao
@monography{monographya2016,
address={Local},
author={Autor Monografiagraduacao},
school={Instituicao},
title={Titulo},
type={Gradua\c c\~ao em...},
year={Ano}
}

%Monografia - especializacao
@monography{monographyb2016,
address={Local},
author={Autor Monografiaespecializacao},
school={Instituicao},
title={Titulo},
type={Especializa\c c\~ao em...},
year={Ano}
}


%Dissertacao
@mastersthesis{masterthesis2016,
address={Local},
author={Autor Dissertacao},
pages={Total de paginas},
school={Instituicao},
title={Titulo},
type={Mestrado em...},
year={Ano}
}

%Tese
@phdthesis{phdthesis2016,
address={Local},
author={Autor Tese},
pages={Total de paginas},
school={Instituicao},
title={Titulo},
type={Doutorado em...},
year={Ano}}

%Manual
@manual{manual2016,
address={Local},
author={Autor Manual},
edition={edicao},
pages={Total de paginas},
organization={instituicao},
org-short={SIGLA},
title={Titulo},
year={Ano},
url={www.berg.com},
urlaccessdate={20 dez. de 2015}}


%EXEMPLO
@book{tanebaum2010,
	address={S\~{a}o Paulo},
	author={Andrew S. Tanebaum},
	edition={3},
	pages={638},  
	publisher={Pearlson Prentice Hall},
	title={Sistemas Operacionais Modernos},
	year={2010}}	
}